<record><leader>00000cas a22000007a 4500</leader><controlfield tag="001">30464609</controlfield><controlfield tag="008">940519d19001901nyudr ne      0    0eng d</controlfield><datafield ind1=" " ind2=" " tag="010"><subfield code="a">sn 94057576 </subfield></datafield><datafield ind1=" " ind2=" " tag="040"><subfield code="a">NYS</subfield><subfield code="b">eng</subfield><subfield code="c">NYS</subfield><subfield code="d">OCLCQ</subfield></datafield><datafield ind1=" " ind2=" " tag="042"><subfield code="a">msc</subfield></datafield><datafield ind1="0" ind2="4" tag="245"><subfield code="a">The Daily cataract-journal.</subfield></datafield><datafield ind1=" " ind2=" " tag="260"><subfield code="a">Niagara Falls, N.Y. :</subfield><subfield code="b">Cataract-Journal Co.</subfield></datafield><datafield ind1=" " ind2=" " tag="300"><subfield code="a">v.</subfield></datafield><datafield ind1=" " ind2=" " tag="310"><subfield code="a">Daily</subfield></datafield><datafield ind1="1" ind2=" " tag="362"><subfield code="a">Began in Apr. 1900.</subfield><subfield code="z">Cf. Niagara County, N.Y. ... a concise record ... 1921.</subfield></datafield><datafield ind1="1" ind2=" " tag="362"><subfield code="a">Ceased in 1901.</subfield></datafield><datafield ind1=" " ind2=" " tag="588"><subfield code="a">Description based on: Jan. 11, 1901.</subfield></datafield><datafield ind1=" " ind2="4" tag="651"><subfield code="a">Niagara Falls (N.Y.)</subfield><subfield code="v">Newspapers.</subfield></datafield><datafield ind1=" " ind2=" " tag="752"><subfield code="a">United States</subfield><subfield code="b">New York</subfield><subfield code="c">Niagara</subfield><subfield code="d">Niagara Falls.</subfield></datafield><datafield ind1="0" ind2=" " tag="775"><subfield code="t">Niagara Falls journal (Niagara Falls, N.Y. : Weekly)</subfield><subfield code="w">(DLC)sn 94057945</subfield></datafield><datafield ind1="0" ind2="4" tag="780"><subfield code="t">Daily cataract</subfield><subfield code="w">(DLC)sn 94057575</subfield><subfield code="w">(OCoLC)30464545</subfield></datafield><datafield ind1="0" ind2="4" tag="780"><subfield code="t">Niagara Falls daily journal</subfield><subfield code="w">(DLC)sn 94057946</subfield></datafield><datafield ind1="0" ind2="0" tag="785"><subfield code="t">Cataract journal</subfield><subfield code="w">(DLC)sn 84024310</subfield></datafield><datafield ind1="1" ind2=" " tag="029"><subfield code="a">AU@</subfield><subfield code="b">000025903088</subfield></datafield></record>